<record><leader>00000cas a22000007a 4500</leader><controlfield tag="001">11604819</controlfield><controlfield tag="008">850122d18201827vauwr ne      0    0eng d</controlfield><datafield ind1=" " ind2=" " tag="010"><subfield code="a">sn 85025230 </subfield></datafield><datafield ind1=" " ind2=" " tag="040"><subfield code="a">NPX</subfield><subfield code="b">eng</subfield><subfield code="c">NPX</subfield><subfield code="d">DLC</subfield><subfield code="d">MGN</subfield><subfield code="d">NVK</subfield><subfield code="d">OCL</subfield><subfield code="d">OCLCF</subfield><subfield code="d">OCLCO</subfield></datafield><datafield ind1="1" ind2=" " tag="029"><subfield code="a">AU@</subfield><subfield code="b">000025818356</subfield></datafield><datafield ind1=" " ind2=" " tag="042"><subfield code="a">msc</subfield></datafield><datafield ind1="0" ind2="0" tag="050"><subfield code="a">Newspaper 10044</subfield></datafield><datafield ind1="0" ind2=" " tag="130"><subfield code="a">Central gazette (Charlottesville, Va. : 1820)</subfield></datafield><datafield ind1="0" ind2="4" tag="245"><subfield code="a">The Central gazette.</subfield></datafield><datafield ind1=" " ind2=" " tag="260"><subfield code="a">Charlottesville, Va. :</subfield><subfield code="b">C.P. &amp; J.H. McKennie,</subfield><subfield code="c">1820-</subfield></datafield><datafield ind1=" " ind2=" " tag="300"><subfield code="a">v. ;</subfield><subfield code="c">50 cm.</subfield></datafield><datafield ind1=" " ind2=" " tag="310"><subfield code="a">Weekly</subfield></datafield><datafield ind1="0" ind2=" " tag="362"><subfield code="a">Vol. 1, no. 1 (Jan. 29, 1820)-</subfield></datafield><datafield ind1="1" ind2=" " tag="362"><subfield code="a">Ceased in July 1827?  Cf. Cappon, L.J.  Va. newspapers.</subfield></datafield><datafield ind1=" " ind2=" " tag="500"><subfield code="a">Publisher varies: C.P. McKennie, &lt;1823-1827&gt;.</subfield></datafield><datafield ind1=" " ind2=" " tag="500"><subfield code="a">Democratic. Cf. Cappon, L.J.  Va. newspapers.</subfield></datafield><datafield ind1=" " ind2=" " tag="530"><subfield code="a">Available on microfilm from the University of Virginia, and the Library of Congress.</subfield></datafield><datafield ind1=" " ind2="0" tag="651"><subfield code="a">Charlottesville (Va.)</subfield><subfield code="v">Newspapers.</subfield></datafield><datafield ind1=" " ind2="7" tag="655"><subfield code="a">Newspapers.</subfield><subfield code="2">fast</subfield><subfield code="0">(OCoLC)fst01423814</subfield></datafield><datafield ind1=" " ind2="7" tag="651"><subfield code="a">Virginia</subfield><subfield code="z">Charlottesville.</subfield><subfield code="2">fast</subfield><subfield code="0">(OCoLC)fst01204493</subfield></datafield><datafield ind1=" " ind2=" " tag="752"><subfield code="a">United States</subfield><subfield code="b">Virginia</subfield><subfield code="d">Charlottesville.</subfield></datafield><datafield ind1="0" ind2="0" tag="785"><subfield code="t">Virginia advocate (Charlottesville, Va. : 1827)</subfield><subfield code="w">(DLC)sn 84024689</subfield></datafield></record>